@unpublished{tracing24vasconcelos,
  author = {Pedro Vasconcelos and Rodrigo Marques},
  title  = {{A Lazy Abstract Machine for a Tracing Interpreter}},
  year   = {2024}
}

@masterthesis{subtyping23marques,
  author = {Rodrigo Marques},
  title  = {{Subtyping: Study and Implementation}},
  school = {University of Porto, Faculty of Sciences},
  year   = {2023}
}

@conference{patterncalculus23vasconcelos,
  author = {Pedro Vasconcelos and Rodrigo Marques},
  title  = {{A Lazy Abstract Machine Based on a Pattern-Matching Calculus}},
  booktitle = {{IFL '23: Proceedings of the 35th Symposium on Implementation and Application of Functional Languages}},
  year   = {2023}
}

@unpublished{extensible22marques,
  author = {Rodrigo Marques and MÃ¡rio Florido and Pedro Vasconcelos},
  note   = {ML family workshop. Ljubljiana, Slovenia},
  title  = {{Towards Algebraic Subtyping for Extensible Records}},
  year   = {2022}
}