@unpublished{extensible22marques,
  author = {Rodrigo Marques and MÃ¡rio Florido and Pedro Vasconcelos},
  note   = {ML family workshop. Ljubljiana, Slovenia},
  title  = {{Towards Algebraic Subtyping for Extensible Records}},
  year   = {2022}
}